<collection xmlns="http://www.loc.gov/MARC21/slim"><record><leader>00718nam  2200217   450</leader><controlfield tag="001">739</controlfield><controlfield tag="003">http://montalegre.opacnet.com/OPAC/default.aspx?ContentAreaControl=ShowRegHoldings.ascx&amp;RegNo=16662</controlfield><datafield tag="021" ind1=" " ind2=" "><subfield code="a">PT</subfield><subfield code="b">17557/87</subfield></datafield><datafield tag="095" ind1=" " ind2=" "><subfield code="a">PTBN00109826</subfield></datafield><datafield tag="100" ind1=" " ind2=" "><subfield code="a">19880118d1987    m  y0pory010305  ba</subfield></datafield><datafield tag="101" ind1="1" ind2=" "><subfield code="a">por</subfield><subfield code="c">ger</subfield></datafield><datafield tag="102" ind1=" " ind2=" "><subfield code="a">PT</subfield></datafield><datafield tag="200" ind1="1" ind2=" "><subfield code="a">Tudo tem um preço</subfield><subfield code="f">Hans Hellmut Kirst</subfield></datafield><datafield tag="210" ind1=" " ind2=" "><subfield code="a">Mem Martins</subfield><subfield code="c">Europa-América</subfield><subfield code="d">D.L. 1987</subfield></datafield><datafield tag="215" ind1=" " ind2=" "><subfield code="a">335 p.</subfield><subfield code="d">18 cm</subfield></datafield><datafield tag="225" ind1="2" ind2=" "><subfield code="a">Livros de bolso Europa-América</subfield><subfield code="v">495</subfield></datafield><datafield tag="304" ind1=" " ind2=" "><subfield code="a">Tit. orig. Alles hat seinen Preis</subfield></datafield><datafield tag="675" ind1=" " ind2=" "><subfield code="a">821</subfield><subfield code="v">BN</subfield><subfield code="z">por</subfield></datafield><datafield tag="700" ind1=" " ind2="1"><subfield code="a">Kirst</subfield><subfield code="b">Hans Hellmut</subfield><subfield code="f">1914-1989</subfield></datafield><datafield tag="801" ind1=" " ind2="0"><subfield code="a">PT</subfield><subfield code="b">Biblioteca Municipal de Montalegre</subfield><subfield code="g">RPC</subfield></datafield><datafield tag="856" ind1=" " ind2=" "><subfield code="u">locateMedia.asp?cod=20060619155606&amp;ext=jpg</subfield><subfield code="z">CAPA</subfield></datafield><datafield tag="909" ind1="&#9;" ind2=" "><subfield code="a">1</subfield></datafield><datafield tag="966" ind1=" " ind2=" "><subfield code="a">0005343</subfield><subfield code="l">BMM</subfield><subfield code="s">SCG 821 KIR tud 495</subfield></datafield></record></collection>